%%%%%%%%%%%%%%%%%%%%%%%%%%%%%%%%%%%%%%%%%%%%%%%%%%%%%%%%%%%%%%%%%%%%%%%%%%%%%%%%%%%%%%%%%%%%%%%%%%%%%%%%%%%%%%%%%%
% HX4-PET related papers

%   1. Even hypoxia prediction 2017
@article{even2017predicting,
  title={Predicting tumor hypoxia in non-small cell lung cancer by combining CT, FDG PET and dynamic contrast-enhanced CT},
  author={Even, Aniek JG and Reymen, Bart and La Fontaine, Matthew D and Das, Marco and Jochems, Arthur and Mottaghy, Felix M and Belderbos, Jos{\'e} SA and De Ruysscher, Dirk and Lambin, Philippe and van Elmpt, Wouter},
  journal={Acta Oncologica},
  volume={56},
  number={11},
  pages={1591--1596},
  year={2017},
  publisher={Taylor \& Francis}
}

%   2. Sanduleanu radiomics 2020
@article{sanduleanu2020non,
  title={Non-invasive imaging prediction of tumor hypoxia: A novel developed and externally validated CT and FDG-PET-based radiomic signatures},
  author={Sanduleanu, Sebastian and Jochems, Arthur and Upadhaya, Taman and Even, Aniek JG and Leijenaar, Ralph TH and Dankers, Frank JWM and Klaassen, Remy and Woodruff, Henry C and Hatt, Mathieu and Kaanders, Hans JAM and others},
  journal={Radiotherapy and Oncology},
  volume={153},
  pages={97--105},
  year={2020},
  publisher={Elsevier}
}

%   3. Sanduleanu HX4 novel tracer 2020
@article{sanduleanu2020hypoxia,
  title={Hypoxia PET Imaging with [18F]-HX4â€”A Promising Next-Generation Tracer},
  author={Sanduleanu, Sebastian and Wiel, Alexander and Lieverse, Relinde IY and Marcus, Dami{\"e}nne and Ibrahim, Abdalla and Primakov, Sergey and Wu, Guangyao and Theys, Jan and Yaromina, Ala and Dubois, Ludwig J and others},
  journal={Cancers},
  volume={12},
  number={5},
  pages={1322},
  year={2020},
  publisher={Multidisciplinary Digital Publishing Institute}
}

%   4. Zegers hypoxia and metabolism relationship
@article{zegers2014vivo,
  title={In vivo quantification of hypoxic and metabolic status of NSCLC tumors using [18F] HX4 and [18F] FDG-PET/CT imaging},
  author={Zegers, Catharina ML and Van Elmpt, Wouter and Reymen, Bart and Even, Aniek JG and Troost, Esther GC and {\"O}llers, Michel C and Hoebers, Frank JP and Houben, Ruud MA and Eriksson, Jonas and Windhorst, Albert D and others},
  journal={Clinical Cancer Research},
  volume={20},
  number={24},
  pages={6389--6397},
  year={2014},
  publisher={AACR}
}

%   5. Zegers optimal imaging parameters 
@article{zegers2013hypoxia,
  title={Hypoxia imaging with [18F] HX4 PET in NSCLC patients: defining optimal imaging parameters},
  author={Zegers, Catharina ML and van Elmpt, Wouter and Wierts, Roel and Reymen, Bart and Sharifi, Hoda and {\"O}llers, Michel C and Hoebers, Frank and Troost, Esther GC and Wanders, Rinus and van Baardwijk, Angela and others},
  journal={Radiotherapy and Oncology},
  volume={109},
  number={1},
  pages={58--64},
  year={2013},
  publisher={Elsevier}
}

%   6. PET Boost clinical trail paper
@article{van2012pet,
  title={The PET-boost randomised phase II dose-escalation trial in non-small cell lung cancer},
  author={van Elmpt, Wouter and De Ruysscher, Dirk and van der Salm, Anke and Lakeman, Annemarie and van der Stoep, Judith and Emans, Daisy and Damen, Eug{\`e}ne and {\"O}llers, Michel and Sonke, Jan-Jakob and Belderbos, Jos{\'e}},
  journal={Radiotherapy and Oncology},
  volume={104},
  number={1},
  pages={67--71},
  year={2012},
  publisher={Elsevier}
}



%%%%%%%%%%%%%%%%%%%%%%%%%%%%%%%%%%%%%%%%%%%%%%%%%%%%%%%%%%%%%%%%%%%%%%%%%%%%%%%%%%%%%%%%%%%%%%%%%%%%%%%%%%%%%%%%%%
% Hypoxia related papers

%   1. Tumor hypoxia
@article{hockel2001tumor,
  title={Tumor hypoxia: definitions and current clinical, biologic, and molecular aspects},
  author={Hockel, Michael and Vaupel, Peter},
  journal={Journal of the National Cancer Institute},
  volume={93},
  number={4},
  pages={266--276},
  year={2001},
  publisher={Oxford University Press}
}

%   2. Complications caused by hypoxia
@article{muz2015role,
  title={The role of hypoxia in cancer progression, angiogenesis, metastasis, and resistance to therapy},
  author={Muz, Barbara and de la Puente, Pilar and Azab, Feda and Azab, Abdel Kareem},
  journal={Hypoxia},
  volume={3},
  pages={83},
  year={2015},
  publisher={Dove Press}
}

%   3. Prognosis
@article{vaupel2007hypoxia,
  title={Hypoxia in cancer: significance and impact on clinical outcome},
  author={Vaupel, Peter and Mayer, Arnulf},
  journal={Cancer and Metastasis Reviews},
  volume={26},
  number={2},
  pages={225--239},
  year={2007},
  publisher={Springer}
}

%   4. Survey of hypoxia PET imaging
@article{fleming2015imaging,
  title={Imaging tumour hypoxia with positron emission tomography},
  author={Fleming, Ian N and Manavaki, Roido and Blower, Philip J and West, Catharine and Williams, Kaye J and Harris, Adrian L and Domarkas, Juozas and Lord, Simon and Baldry, Claire and Gilbert, Fiona J},
  journal={British journal of cancer},
  volume={112},
  number={2},
  pages={238--250},
  year={2015},
  publisher={Nature Publishing Group}
}


%%%%%%%%%%%%%%%%%%%%%%%%%%%%%%%%%%%%%%%%%%%%%%%%%%%%%%%%%%%%%%%%%%%%%%%%%%%%%%%%%%%%%%%%%%%%%%%%%%%%%%%%%%%%%%%%%%
% GAN system papers

%   1. Pix2Pix
@inproceedings{isola2017image,
  title={Image-to-image translation with conditional adversarial networks},
  author={Isola, Phillip and Zhu, Jun-Yan and Zhou, Tinghui and Efros, Alexei A},
  booktitle={Proceedings of the IEEE conference on computer vision and pattern recognition},
  pages={1125--1134},
  year={2017}
}

%   2. CycleGAN
@inproceedings{zhu2017unpaired,
  title={Unpaired image-to-image translation using cycle-consistent adversarial networks},
  author={Zhu, Jun-Yan and Park, Taesung and Isola, Phillip and Efros, Alexei A},
  booktitle={Proceedings of the IEEE international conference on computer vision},
  pages={2223--2232},
  year={2017}
}

%   3. Original GAN paper
@misc{goodfellow2014generative,
      title={Generative Adversarial Networks}, 
      author={Ian J. Goodfellow and Jean Pouget-Abadie and Mehdi Mirza and Bing Xu and David Warde-Farley and Sherjil Ozair and Aaron Courville and Yoshua Bengio},
      year={2014},
      eprint={1406.2661},
      archivePrefix={arXiv},
      primaryClass={stat.ML}
}

%   4. Conditional GAN
@misc{mirza2014conditional,
      title={Conditional Generative Adversarial Nets}, 
      author={Mehdi Mirza and Simon Osindero},
      year={2014},
      eprint={1411.1784},
      archivePrefix={arXiv},
      primaryClass={cs.LG}
}

%   5. LSGAN
@inproceedings{mao2017least,
  title={Least squares generative adversarial networks},
  author={Mao, Xudong and Li, Qing and Xie, Haoran and Lau, Raymond YK and Wang, Zhen and Paul Smolley, Stephen},
  booktitle={Proceedings of the IEEE international conference on computer vision},
  pages={2794--2802},
  year={2017}
}


%%%%%%%%%%%%%%%%%%%%%%%%%%%%%%%%%%%%%%%%%%%%%%%%%%%%%%%%%%%%%%%%%%%%%%%%%%%%%%%%%%%%%%%%%%%%%%%%%%%%%%%%%%%%%%%%%%
% GANs in Medical imaging papers

%   1. Yi et al. 2019
@article{yi2019generative,
  title={Generative adversarial network in medical imaging: A review},
  author={Yi, Xin and Walia, Ekta and Babyn, Paul},
  journal={Medical image analysis},
  volume={58},
  pages={101552},
  year={2019},
  publisher={Elsevier}
}

%   2. Non-contrast to iodine contrast CT angiogram using CycleGAN
@misc{chandrashekar2020deep,
      title={A Deep learning Approach to Generate Contrast-Enhanced Computerised Tomography Angiography without the Use of Intravenous Contrast Agents}, 
      author={Anirudh Chandrashekar and Ashok Handa and Natesh Shivakumar and Pierfrancesco Lapolla and Vicente Grau and Regent Lee},
      year={2020},
      eprint={2003.01223},
      archivePrefix={arXiv},
      primaryClass={eess.IV}
}

%   3. Iodine contrast agent dose reduction using Pix2Pix
@article{haubold2021contrast,
  title={Contrast agent dose reduction in computed tomography with deep learning using a conditional generative adversarial network},
  author={Haubold, Johannes and Hosch, Ren{\'e} and Umutlu, Lale and Wetter, Axel and Haubold, Patrizia and Radbruch, Alexander and Forsting, Michael and Nensa, Felix and Koitka, Sven},
  journal={European Radiology},
  pages={1--9},
  year={2021},
  publisher={Springer}
}

%   4. Ben-cohen - CT to PET
@misc{bencohen2018crossmodality,
      title={Cross-Modality Synthesis from CT to PET using FCN and GAN Networks for Improved Automated Lesion Detection}, 
      author={Avi Ben-Cohen and Eyal Klang and Stephen P. Raskin and Shelly Soffer and Simona Ben-Haim and Eli Konen and Michal Marianne Amitai and Hayit Greenspan},
      year={2018},
      eprint={1802.07846},
      archivePrefix={arXiv},
      primaryClass={cs.CV}
}

%   5. Lei Bi - CT+GTV to PET using multi-channel GANs
@incollection{bi2017synthesis,
  title={Synthesis of positron emission tomography (PET) images via multi-channel generative adversarial networks (GANs)},
  author={Bi, Lei and Kim, Jinman and Kumar, Ashnil and Feng, Dagan and Fulham, Michael},
  booktitle={molecular imaging, reconstruction and analysis of moving body organs, and stroke imaging and treatment},
  pages={43--51},
  year={2017},
  publisher={Springer}
}



%%%%%%%%%%%%%%%%%%%%%%%%%%%%%%%%%%%%%%%%%%%%%%%%%%%%%%%%%%%%%%%%%%%%%%%%%%%%%%%%%%%%%%%%%%%%%%%%%%%%%%%%%%%%%%%%%%
% GAN evaluation papers
% Ali Borji



%%%%%%%%%%%%%%%%%%%%%%%%%%%%%%%%%%%%%%%%%%%%%%%%%%%%%%%%%%%%%%%%%%%%%%%%%%%%%%%%%%%%%%%%%%%%%%%%%%%%%%%%%%%%%%%%%%
% Network architectures

% 3D U-Net
@inproceedings{cciccek20163d,
  title={3D U-Net: learning dense volumetric segmentation from sparse annotation},
  author={{\c{C}}i{\c{c}}ek, {\"O}zg{\"u}n and Abdulkadir, Ahmed and Lienkamp, Soeren S and Brox, Thomas and Ronneberger, Olaf},
  booktitle={International conference on medical image computing and computer-assisted intervention},
  pages={424--432},
  year={2016},
  organization={Springer}
}




%%%%%%%%%%%%%%%%%%%%%%%%%%%%%%%%%%%%%%%%%%%%%%%%%%%%%%%%%%%%%%%%%%%%%%%%%%%%%%%%%%%%%%%%%%%%%%%%%%%%%%%%%%%%%%%%%%
% Image processing papers on metrics
% SSIM paper
% NMI paper
% Image quality metrics survey papers



%%%%%%%%%%%%%%%%%%%%%%%%%%%%%%%%%%%%%%%%%%%%%%%%%%%%%%%%%%%%%%%%%%%%%%%%%%%%%%%%%%%%%%%%%%%%%%%%%%%%%%%%%%%%%%%%%%
% Computer vision papers

%   1. Cleargrasp
@inproceedings{sajjan2020clear,
  title={Clear Grasp: 3D Shape Estimation of Transparent Objects for Manipulation},
  author={Sajjan, Shreeyak and Moore, Matthew and Pan, Mike and Nagaraja, Ganesh and Lee, Johnny and Zeng, Andy and Song, Shuran},
  booktitle={2020 IEEE International Conference on Robotics and Automation (ICRA)},
  pages={3634--3642},
  year={2020},
  organization={IEEE}
}



%%%%%%%%%%%%%%%%%%%%%%%%%%%%%%%%%%%%%%%%%%%%%%%%%%%%%%%%%%%%%%%%%%%%%%%%%%%%%%%%%%%%%%%%%%%%%%%%%%%%%%%%%%%%%%%%%%
% Miscellaneous medical imaging related stuff

%   1. DICOM standard website
@misc{dicom,
  title = {DICOM standard},
  howpublished = {\url{https://www.dicomstandard.org/}},
  note = {Accessed: 2021-06-14}
}

%   2. HECKTOR challenge overview paper
@inproceedings{andrearczyk2020overview,
  title={Overview of the HECKTOR challenge at MICCAI 2020: automatic head and neck tumor segmentation in PET/CT},
  author={Andrearczyk, Vincent and Oreiller, Valentin and Jreige, Mario and Valli{\`e}res, Martin and Castelli, Joel and Elhalawani, Hesham and Boughdad, Sarah and Prior, John O and Depeursinge, Adrien},
  booktitle={3D Head and Neck Tumor Segmentation in PET/CT Challenge},
  pages={1--21},
  year={2020},
  organization={Springer}
}

%   3. Hugo Aerts radiomics paper
@article{aerts2014decoding,
  title={Decoding tumour phenotype by noninvasive imaging using a quantitative radiomics approach},
  author={Aerts, Hugo JWL and Velazquez, Emmanuel Rios and Leijenaar, Ralph TH and Parmar, Chintan and Grossmann, Patrick and Carvalho, Sara and Bussink, Johan and Monshouwer, Ren{\'e} and Haibe-Kains, Benjamin and Rietveld, Derek and others},
  journal={Nature communications},
  volume={5},
  number={1},
  pages={1--9},
  year={2014},
  publisher={Nature Publishing Group}
}
